@book{Sakai1996,
	author = {Sakai, Takashi},
	title = {{Riemannian Geometry}},
	year = {1996},
	month = {Jan},
	isbn = {978-082188956-5},
	publisher = {American Mathematical Soc.},
	url = {https://books.google.com/books/about/Riemannian_Geometry.html?id=aqgaZVr94xMC}
}

@book{Lefschetz1985,
	author = {Lefschetz, Solomon},
	title = {{Lectures on Differential Equations}},
	year = {1985},
	month = {Jan},
	isbn = {978-069108395-7},
	publisher = {Princeton University Press},
	url = {https://books.google.com/books/about/Lectures_on_Differential_Equations.html?id=1rbkRZZQ5IAC}
}